<record><leader>00000cas a2200000 a 4500</leader><controlfield tag="001">39752604</controlfield><controlfield tag="008">980826u1989uuuumiumr n       0    0eng c</controlfield><datafield ind1=" " ind2=" " tag="010"><subfield code="a">sn 98066397 </subfield></datafield><datafield ind1=" " ind2=" " tag="040"><subfield code="a">MHN</subfield><subfield code="b">eng</subfield><subfield code="c">MHN</subfield><subfield code="d">OCL</subfield><subfield code="d">OCLCQ</subfield><subfield code="d">OCLCO</subfield></datafield><datafield ind1="1" ind2=" " tag="029"><subfield code="a">AU@</subfield><subfield code="b">000014197078</subfield></datafield><datafield ind1=" " ind2=" " tag="042"><subfield code="a">pcc</subfield></datafield><datafield ind1=" " ind2=" " tag="043"><subfield code="a">n-us-mi</subfield></datafield><datafield ind1="0" ind2=" " tag="130"><subfield code="a">Pointer news (Grosse Pointe, Mich.)</subfield></datafield><datafield ind1="1" ind2="4" tag="245"><subfield code="a">The pointer news.</subfield></datafield><datafield ind1=" " ind2=" " tag="260"><subfield code="a">Grosse Point [Mich.] :</subfield><subfield code="b">Paul D. McCarthy</subfield></datafield><datafield ind1=" " ind2=" " tag="300"><subfield code="a">v.</subfield></datafield><datafield ind1=" " ind2=" " tag="310"><subfield code="a">Monthly</subfield></datafield><datafield ind1="0" ind2=" " tag="362"><subfield code="a">Vol. 15, no. 1 (Jan. 1989)-</subfield></datafield><datafield ind1=" " ind2=" " tag="500"><subfield code="a">"Published monthly on the third Friday and mailed to every home and business in the five Gross Pointes."</subfield></datafield><datafield ind1=" " ind2="0" tag="651"><subfield code="a">Grosse Point (Mich.)</subfield><subfield code="v">Newspapers.</subfield></datafield><datafield ind1=" " ind2="0" tag="651"><subfield code="a">Wayne County (Mich.)</subfield><subfield code="v">Newspapers.</subfield></datafield><datafield ind1=" " ind2=" " tag="752"><subfield code="a">United States</subfield><subfield code="b">Michigan</subfield><subfield code="d">Grosse Pointe.</subfield></datafield><datafield ind1="0" ind2="0" tag="780"><subfield code="t">Pointer</subfield><subfield code="w">(DLC)sn 98066396</subfield><subfield code="w">(OCoLC)39752643</subfield></datafield></record>